@book{Hayata2018,
address = {Florian{\'{o}}polis},
author = {Hayata, M. and Teixeira, L. N. and LEMES-SILVA, A. L. and SILVEIRA, T. C. L.},
isbn = {978-85-45535-58-4},
pages = {372},
publisher = {PPG Ecologia-UFSC},
title = {{Ecologia de Campo: Ambientes Costeiros e Montanos.}},
year = {2018}
}
@book{Freitas2017,
address = {Florian{\'{o}}polis},
author = {Freitas, R. F. and MACHADO, A. M. S. and LEMES-SILVA, A. L. and SILVEIRA, T. C. L. and GIEHL, E. L. H.},
isbn = {978-85-45535-58-4},
pages = {363},
publisher = {PPG Ecologia-UFSC},
title = {{Ecologia de campo : Serra e Litoral Catarinense.}},
year = {2017}
}
@book{CUNHA2019,
address = {Florian{\'{o}}polis},
author = {CUNHA, S. M. B. and PACHECO, F. F. and SILVA, A. L. L. and SOARES, L. C. P. M. and SILVEIRA, T. C. L. and FREITAS, R. H. A.},
isbn = {978-65-80460-34-2},
pages = {408},
publisher = {PPG Ecologia-UFSC},
title = {{Ecologia de Campo: Estudos ecol{\'{o}}gicos na Ba{\'{i}}a Babitonga}},
year = {2019}
}
